@book{Kanai2000BED,
author = {{金井 喜美雄} and {堀 憲之}},
publisher = {槙書店},
title = {ディジタル制御の基礎と演習 : 連続時間制御との融合},
year = {2000}
}
@book{Kanai1992IDC,
author = {{金井 喜美雄} and {堀 憲之}},
pages = {168},
publisher = {槙書店},
title = {ディジタル制御システム入門 : デルタオペレータの適用},
year = {1992}
}
